@article{66a7cc08894ec6cbd7e06be0,
 Authors = {John Doe, Jane Smith},
 Day = {15},
 Issue = {2},
 Journal = {International Journal of Studies},
 Month = {June},
 Pages = {123-456},
 Title = {A Study on Something},
 Volume = {10},
 Year = {2021}
}
